<record><leader>02535cas a2200553 a 4500</leader>
<controlfield tag="001">ocm23137482 </controlfield>
<controlfield tag="003">OCoLC</controlfield><controlfield tag="005">20140902015645.0</controlfield><controlfield tag="008">910222d189u198uoruwr p       0    0eng c</controlfield><datafield tag="010" ind1=" " ind2=" "><subfield code="a">ca 15001324 </subfield></datafield><datafield tag="040" ind1=" " ind2=" "><subfield code="a">IXA</subfield><subfield code="b">eng</subfield><subfield code="c">IXA</subfield><subfield code="d">OCL</subfield><subfield code="d">OCLCQ</subfield><subfield code="d">OSO</subfield><subfield code="d">OCLCQ</subfield><subfield code="d">DLC</subfield><subfield code="d">OCLCQ</subfield><subfield code="d">ZAD</subfield><subfield code="d">OCLCA</subfield><subfield code="d">OCLCF</subfield></datafield><datafield tag="019" ind1=" " ind2=" "><subfield code="a">6221091</subfield></datafield><datafield tag="035" ind1=" " ind2=" "><subfield code="a">(OCoLC)23137482</subfield><subfield code="z">(OCoLC)6221091</subfield></datafield><datafield tag="042" ind1=" " ind2=" "><subfield code="a">pcc</subfield><subfield code="a">premarc</subfield></datafield><datafield tag="043" ind1=" " ind2=" "><subfield code="a">n-us-or</subfield></datafield><datafield tag="050" ind1="0" ind2="0"><subfield code="a">E97.6.C3</subfield><subfield code="b">C4</subfield></datafield><datafield tag="092" ind1=" " ind2=" "><subfield code="a">371.975</subfield><subfield code="b">S16c</subfield></datafield><datafield tag="049" ind1=" " ind2=" "><subfield code="a">ORUM</subfield></datafield><datafield tag="245" ind1="0" ind2="0"><subfield code="a">Weekly Chemawa American.</subfield></datafield><datafield tag="246" ind1="1" ind2=" "><subfield code="i">Issues for &lt;v. 15, no. 2-v. 77, no. 3&gt; have title:</subfield><subfield code="a">Chemawa American</subfield></datafield><datafield tag="260" ind1=" " ind2=" "><subfield code="a">Chemawa, Or. :</subfield><subfield code="b">Salem Indian Training School</subfield></datafield><datafield tag="300" ind1=" " ind2=" "><subfield code="a">v. :</subfield><subfield code="b">ill. ;</subfield><subfield code="c">26 cm.</subfield></datafield><datafield tag="310" ind1=" " ind2=" "><subfield code="a">Irregular,</subfield><subfield code="b">&lt;1969&gt;-</subfield></datafield><datafield tag="321" ind1=" " ind2=" "><subfield code="a">Weekly,</subfield><subfield code="b">-Sept. 23, 1931</subfield></datafield><datafield tag="321" ind1=" " ind2=" "><subfield code="a">Biweekly,</subfield><subfield code="b">Oct. 7, 1931-</subfield></datafield><datafield tag="515" ind1=" " ind2=" "><subfield code="a">Published during the school year.</subfield></datafield><datafield tag="515" ind1=" " ind2=" "><subfield code="a">Publication suspended 1949-1951.</subfield></datafield><datafield tag="530" ind1=" " ind2=" "><subfield code="a">Also issued on microfilm from Library of Congress Preservation Microfilming Program.</subfield></datafield><datafield tag="530" ind1=" " ind2=" "><subfield code="a">Also issued on microfiche through Clearwater publishing.</subfield></datafield><datafield tag="550" ind1=" " ind2=" "><subfield code="a">Issued -Dec. 5, 1928 by: the Salem Indian Training School; Dec. 12 1928-&lt;Apr. 11, 1933&gt; by: the U.S. Indian School; &lt;Dec. 10, 1937&gt;- by: the Chemawa Vocational School; and &lt;Jan. 1969-Feb. 1983&gt; by: the Chemawa Indian School.</subfield></datafield><datafield tag="588" ind1=" " ind2=" "><subfield code="a">Description based on: Vol. 7, no. 33 (Sept. 9, 1904); title from cover.</subfield></datafield><datafield tag="588" ind1=" " ind2=" "><subfield code="a">Latest issue consulted: Vol. 77, no. 3 (Feb. 4, 1983).</subfield></datafield><datafield tag="610" ind1="2" ind2="0"><subfield code="a">Salem Indian Training School (Chemawa, Salem, Or.)</subfield><subfield code="v">Periodicals.</subfield></datafield><datafield tag="650" ind1=" " ind2="0"><subfield code="a">Indians of North America</subfield><subfield code="x">Education</subfield><subfield code="z">Oregon</subfield><subfield code="v">Periodicals.</subfield></datafield><datafield tag="650" ind1=" " ind2="0"><subfield code="a">Indians of North America</subfield><subfield code="z">Oregon</subfield><subfield code="v">Periodicals.</subfield></datafield><datafield tag="610" ind1="2" ind2="7"><subfield code="a">Salem Indian Training School (Chemawa, Salem, Or.)</subfield><subfield code="2">fast</subfield><subfield code="0">(OCoLC)fst00667354</subfield></datafield><datafield tag="650" ind1=" " ind2="7"><subfield code="a">Indians of North America.</subfield><subfield code="2">fast</subfield><subfield code="0">(OCoLC)fst00969633</subfield></datafield><datafield tag="650" ind1=" " ind2="7"><subfield code="a">Indians of North America</subfield><subfield code="x">Education.</subfield><subfield code="2">fast</subfield><subfield code="0">(OCoLC)fst00969714</subfield></datafield><datafield tag="651" ind1=" " ind2="7"><subfield code="a">Oregon.</subfield><subfield code="2">fast</subfield><subfield code="0">(OCoLC)fst01204579</subfield></datafield><datafield tag="655" ind1=" " ind2="7"><subfield code="a">Periodicals.</subfield><subfield code="2">fast</subfield><subfield code="0">(OCoLC)fst01411641</subfield></datafield><datafield tag="710" ind1="2" ind2=" "><subfield code="a">Salem Indian Training School (Chemawa, Salem, Or.)</subfield></datafield><datafield tag="710" ind1="2" ind2=" "><subfield code="a">U.S. Indian School (Chemawa, Salem, Or.)</subfield></datafield><datafield tag="710" ind1="2" ind2=" "><subfield code="a">Chemawa Vocational School.</subfield></datafield><datafield tag="710" ind1="2" ind2=" "><subfield code="a">Chemawa Indian School.</subfield></datafield><datafield tag="752" ind1=" " ind2=" "><subfield code="a">United States</subfield><subfield code="b">Oregon</subfield><subfield code="c">Marion</subfield><subfield code="d">Salem.</subfield></datafield><datafield tag="776" ind1="1" ind2=" "><subfield code="c">Microfilm</subfield><subfield code="d">Library of Congress Preservation Microfilming Program</subfield><subfield code="w">(DLC)sf 90091906</subfield><subfield code="w">(OCoLC)21580312</subfield></datafield><datafield tag="776" ind1="1" ind2=" "><subfield code="c">Microfiche</subfield><subfield code="w">(DLC)  2003238611</subfield><subfield code="w">(OCoLC)8675118</subfield></datafield><datafield tag="850" ind1=" " ind2=" "><subfield code="a">DLC</subfield><subfield code="a">TxU</subfield></datafield><datafield tag="994" ind1=" " ind2=" "><subfield code="a">C0</subfield><subfield code="b">ORU</subfield></datafield></record>
